<record><leader>00000cas a22000007a 4500</leader><controlfield tag="001">12171933</controlfield><controlfield tag="008">850618d18521852njuwr ne      0    0eng d</controlfield><datafield ind1=" " ind2=" " tag="010"><subfield code="a">sn 85035806 </subfield></datafield><datafield ind1=" " ind2=" " tag="040"><subfield code="a">NPA</subfield><subfield code="b">eng</subfield><subfield code="c">NPA</subfield><subfield code="d">NJW</subfield><subfield code="d">OCLCQ</subfield></datafield><datafield ind1=" " ind2=" " tag="042"><subfield code="a">msc</subfield></datafield><datafield ind1="0" ind2="0" tag="245"><subfield code="a">Hightstown village record.</subfield></datafield><datafield ind1=" " ind2=" " tag="260"><subfield code="a">Hightstown, N.J. :</subfield><subfield code="b">James S. Yard,</subfield><subfield code="c">1852.</subfield></datafield><datafield ind1=" " ind2=" " tag="300"><subfield code="a">v. :</subfield><subfield code="b">ill. (chiefly advertisements)</subfield></datafield><datafield ind1=" " ind2=" " tag="310"><subfield code="a">Weekly</subfield></datafield><datafield ind1="0" ind2=" " tag="362"><subfield code="a">Vol. 3, no. 52 (June 25, 1852)-v. 4, no. 2 (July 9, 1852).</subfield></datafield><datafield ind1=" " ind2=" " tag="515"><subfield code="a">Continues the numbering of: Village record (Hightstown, N.J. : 1849).</subfield></datafield><datafield ind1=" " ind2=" " tag="530"><subfield code="a">Also issued on microfilm by Norton Micro Images.</subfield></datafield><datafield ind1=" " ind2=" " tag="752"><subfield code="a">United States</subfield><subfield code="b">New Jersey</subfield><subfield code="c">Mercer</subfield><subfield code="d">Hightstown.</subfield></datafield><datafield ind1="0" ind2="0" tag="780"><subfield code="t">Hightstown gazette (Hightstown, N.J. : 1852)</subfield><subfield code="w">(DLC)sn 85035805</subfield><subfield code="w">(OCoLC)12171927</subfield></datafield><datafield ind1="0" ind2="0" tag="785"><subfield code="t">Village record (Hightstown, N.J. : 1852)</subfield><subfield code="w">(DLC)sn 84038736</subfield><subfield code="w">(OCoLC)11460768</subfield></datafield></record>